{
  "leader": "04669cam a2200433 a 4500",
  "fields": [
    {
      "001": "ocm07273663\\"
    },
    {
      "003": "OCoLC"
    },
    {
      "005": "20220701104321.0"
    },
    {
      "008": "810309s1981\\\\\\\\arua\\\\\\\\\\b\\\\\\s001\\0ceng\\\\"
    },
    {
      "010": {
        "ind1": "\\",
        "ind2": "\\",
        "subfields": [
          {
            "a": "   81050374 "
          }
        ]
      }
    },
    {
      "040": {
        "ind1": "\\",
        "ind2": "\\",
        "subfields": [
          {
            "a": "DLC"
          },
          {
            "b": "eng"
          },
          {
            "c": "DLC"
          },
          {
            "d": "OCL"
          },
          {
            "d": "BTCTA"
          },
          {
            "d": "BAKER"
          },
          {
            "d": "CNMBL"
          },
          {
            "d": "GBVCP"
          },
          {
            "d": "OCLCO"
          },
          {
            "d": "OCLCF"
          },
          {
            "d": "OCLCQ"
          },
          {
            "d": "FHL"
          },
          {
            "d": "OCLCO"
          },
          {
            "d": "OCL"
          },
          {
            "d": "OCLCA"
          },
          {
            "d": "OCL"
          },
          {
            "d": "AHS"
          },
          {
            "d": "OCLCQ"
          },
          {
            "d": "OCLCO"
          }
        ]
      }
    },
    {
      "019": {
        "ind1": "\\",
        "ind2": "\\",
        "subfields": [
          {
            "a": "1277101566"
          }
        ]
      }
    },
    {
      "020": {
        "ind1": "\\",
        "ind2": "\\",
        "subfields": [
          {
            "a": "0938626000"
          }
        ]
      }
    },
    {
      "020": {
        "ind1": "\\",
        "ind2": "\\",
        "subfields": [
          {
            "a": "9780938626008"
          }
        ]
      }
    },
    {
      "035": {
        "ind1": "\\",
        "ind2": "\\",
        "subfields": [
          {
            "a": "(OCoLC)7273663"
          },
          {
            "z": "(OCoLC)1277101566"
          }
        ]
      }
    },
    {
      "043": {
        "ind1": "\\",
        "ind2": "\\",
        "subfields": [
          {
            "a": "n-us-ar"
          }
        ]
      }
    },
    {
      "050": {
        "ind1": "0",
        "ind2": "0",
        "subfields": [
          {
            "a": "F410"
          },
          {
            "b": ".G6"
          }
        ]
      }
    },
    {
      "082": {
        "ind1": "0",
        "ind2": "4",
        "subfields": [
          {
            "a": "976.700992"
          },
          {
            "b": "GOV"
          }
        ]
      }
    },
    {
      "245": {
        "ind1": "0",
        "ind2": "4",
        "subfields": [
          {
            "a": "The Governors of Arkansas :"
          },
          {
            "b": "essays in political biography /"
          },
          {
            "c": "edited by Timothy P. Donovan and Willard B. Gatewood, Jr."
          }
        ]
      }
    },
    {
      "260": {
        "ind1": "\\",
        "ind2": "\\",
        "subfields": [
          {
            "a": "Fayetteville, Ark. :"
          },
          {
            "b": "University of Arkansas Press,"
          },
          {
            "c": "1981."
          }
        ]
      }
    },
    {
      "300": {
        "ind1": "\\",
        "ind2": "\\",
        "subfields": [
          {
            "a": "xiv, 300 pages :"
          },
          {
            "b": "illustrations ;"
          },
          {
            "c": "25 cm"
          }
        ]
      }
    },
    {
      "336": {
        "ind1": "\\",
        "ind2": "\\",
        "subfields": [
          {
            "a": "text"
          },
          {
            "b": "txt"
          },
          {
            "2": "rdacontent"
          }
        ]
      }
    },
    {
      "337": {
        "ind1": "\\",
        "ind2": "\\",
        "subfields": [
          {
            "a": "unmediated"
          },
          {
            "b": "n"
          },
          {
            "2": "rdamedia"
          }
        ]
      }
    },
    {
      "338": {
        "ind1": "\\",
        "ind2": "\\",
        "subfields": [
          {
            "a": "volume"
          },
          {
            "b": "nc"
          },
          {
            "2": "rdacarrier"
          }
        ]
      }
    },
    {
      "504": {
        "ind1": "\\",
        "ind2": "\\",
        "subfields": [
          {
            "a": "Includes bibliographical references (pages 265-291) and index."
          }
        ]
      }
    },
    {
      "505": {
        "ind1": "0",
        "ind2": "\\",
        "subfields": [
          {
            "a": "First Governor: James sevier conway, 1836-1840, by c. fred williams -- Second Governor: archibald yell, 1840-1844, by michael b. dougan -- Third governor: thomas stevenson drew, 1844-1849, by bobby roberts -- Fourth governor: John seldon roane, 1849-1852, by bobby roberts -- Fifth governor: Elias nelson conway, 1852-1860, by william b. worthen -- Sixth governor: Henry massie rector, 1860-1862, by waddy w. moore -- Seventh governor: Harris flanagin, 1862-1864, by michael b. dougan -- Eighth Governor: Isaac murphy, 1864-1868, by william l. shea -- Ninth governor: Powell clayton, 1868-1871, by william h. burnside -- Tenth governor: Elisha baxter, 1873-1874, by michael b. dougan -- Eleventh governor: Augustus hill garland, 1874-1877, by beverly watkins -- Twelfth governor: William read miller, 1877-1881, by william mcdowell baker -- Thirteenth governor: Thomas james churchill, 1881-1883, by f. clark elkins -- Fourteenth governor: james henderson berry, 1883-1885, by joe segraves -- Fifteenth governor: simon p. hughes, 1885-1889, by harry w. readnour -- Sixteenth governor: james philip eagle, 1889-1893, by c. fred williams -- Seventeenth governor: William meade fishback, 1893-1895, by harry w. readnour -- Eighteenth governor: james paul clarke, 1895-1897, by richard l. niswonger -- Nineteenth governor: daniel webster jones, 1897-1901, by richard l. niswonger -- Twentieth governor: jeff davis, 1901-1907, by raymond o. arsenault -- Twenty-first governor: John sebastian little, 1907, by wilard b. gatewood jr. -- Twenty-second governor: george washington donaghey, 1909-1913, by waddy w. moore -- Twenty-third governor: joseph taylor robinson, 1913, by jerry j. vervack -- Twenty-fourth governor: george washington hays, 1913-1917, by richard l. niswonger -- Twenty-fifth governor: charles hillman brough, 1917-1921, by foy lisenby -- Twenty-sixth governor: thomas chipman mcrae, 1921-1925, by w. david baird -- Twenty-seventh governor: thomas jefferson terral, 1925-1927, by w. david baird -- Twenty-eighth governor: john e. martineau, 1927-1928, by leon c. miller -- Twenty-ninth governor: harvey parnell, 1928-1933, by pamela webb -- Thirtieth governor: junius marion futrell, 1933-1937, by c. calvin smith -- Thirty-first governor: carl edward bailey, 1937-1941, by c. calvin smith -- Thirty-second governor: homer martin adkins, 1941-1945, by c. calvin smith -- Thirty-third governor: benjamin travis laney, jr., 1945-1949, by tom forgey -- Thirty-fourth governor: sidney sanders mcmath, 1949-1953, by james e. lester -- Thirty-fifth governor: francis adams cherry, 1953-1955, by timothy p. donovan -- Thirty-sixth governor: orval eugene faubus, 1955-1967, by david wallace -- Thirty-seventh governor: winthrop rockefeller, 1967-1971, by tom w. dillard -- Thirty-eighth governor: Dale leon bumpers, 1971-1979, by dan durning -- Thirty-ninth governor: david hampton pryor, 1975-1979, by diane kincaid blair"
          }
        ]
      }
    },
    {
      "650": {
        "ind1": "\\",
        "ind2": "0",
        "subfields": [
          {
            "a": "Governors"
          },
          {
            "z": "Arkansas"
          },
          {
            "v": "Biography."
          }
        ]
      }
    },
    {
      "651": {
        "ind1": "\\",
        "ind2": "0",
        "subfields": [
          {
            "a": "Arkansas"
          },
          {
            "x": "Politics and government."
          }
        ]
      }
    },
    {
      "650": {
        "ind1": "\\",
        "ind2": "7",
        "subfields": [
          {
            "a": "Governors."
          },
          {
            "2": "fast"
          },
          {
            "0": "(OCoLC)fst00945704"
          }
        ]
      }
    },
    {
      "650": {
        "ind1": "\\",
        "ind2": "7",
        "subfields": [
          {
            "a": "Politics and government"
          },
          {
            "2": "fast"
          },
          {
            "0": "(OCoLC)fst01919741"
          }
        ]
      }
    },
    {
      "651": {
        "ind1": "\\",
        "ind2": "7",
        "subfields": [
          {
            "a": "Arkansas."
          },
          {
            "2": "fast"
          },
          {
            "0": "(OCoLC)fst01204809"
          }
        ]
      }
    },
    {
      "655": {
        "ind1": "\\",
        "ind2": "7",
        "subfields": [
          {
            "a": "Biographies."
          },
          {
            "2": "fast"
          },
          {
            "0": "(OCoLC)fst01919896"
          }
        ]
      }
    },
    {
      "700": {
        "ind1": "1",
        "ind2": "\\",
        "subfields": [
          {
            "a": "Donovan, Timothy Paul."
          }
        ]
      }
    },
    {
      "700": {
        "ind1": "1",
        "ind2": "\\",
        "subfields": [
          {
            "a": "Gatewood, Willard B."
          }
        ]
      }
    },
    {
      "776": {
        "ind1": "0",
        "ind2": "8",
        "subfields": [
          {
            "i": "Online version:"
          },
          {
            "t": "Governors of Arkansas."
          },
          {
            "d": "Fayetteville, Ark. : University of Arkansas Press, 1981"
          },
          {
            "w": "(OCoLC)636966815"
          }
        ]
      }
    },
    {
      "856": {
        "ind1": "4",
        "ind2": "1",
        "subfields": [
          {
            "3": "Table of contents"
          },
          {
            "u": "http://www.gbv.de/dms/bowker/toc/9780938626008.pdf"
          }
        ]
      }
    },
    {
      "994": {
        "ind1": "\\",
        "ind2": "\\",
        "subfields": [
          {
            "a": "Z0"
          },
          {
            "b": "NYRVC"
          }
        ]
      }
    },
    {
      "948": {
        "ind1": "\\",
        "ind2": "\\",
        "subfields": [
          {
            "h": "NO HOLDINGS IN NYRVC - 202 OTHER HOLDINGS"
          }
        ]
      }
    },
    {
      "999": {
        "ind1": "\\",
        "ind2": "\\",
        "subfields": [
          {
            "a": "00000000016118"
          }
        ]
      }
    }
  ]
}